@article{shamir1979share,
  title={How to Share a Secret},
  author={Shamir, Adi},
  journal={Communications of the ACM},
  volume={22},
  number={11},
  pages={612--613},
  year={1979},
  month={November},
}

@inproceedings{abadi2016distributed,
  title={Distributed Key Generation in the Wild: A Practice-oriented Study},
  author={Abadi, Mart{\'\i}n and others},
  booktitle={Proceedings of the 2016 ACM SIGSAC Conference on Computer and Communications Security},
  pages={257--269},
  year={2016},
  month={October},
}

@misc{Bitcoin,
  author = {Nakamoto, Satoshi},
  title = {Bitcoin: A Peer-to-Peer Electronic Cash System},
  year = {2008},
  url = {https://bitcoin.org/bitcoin.pdf},
  urldate = {2023-06-19}
}

@misc{Ethereum,
  author = {Buterin, Vitalik and Wood, Gavin},
  title = {Ethereum: A Next-Generation Smart Contract and Decentralized Application Platform},
  year = {2014},
  url = {https://ethereum.org/whitepaper/},
  urldate = {2023-06-19}
}


@book{antonopoulos2014masteringbitcoin,
  author    = {Antonopoulos, Andreas M.},
  title     = {Mastering Bitcoin: Unlocking Digital Cryptocurrencies},
  year      = {2014},
  publisher = {O'Reilly Media}
}

@inproceedings{merkle1987digital,
  author = {Merkle, Ralph C.},
  title = {A Digital Signature Based on a Conventional Encryption Function},
  booktitle = {Advances in Cryptology - CRYPTO'87},
  pages = {369--378},
  year = {1987},
  organization = {Springer},
  doi = {10.1007/3-540-48184-2_32}
}

@misc{bip39,
  title = {BIP39: Mnemonic Code for Generating Deterministic Keys},
  author = {{Bitcoin BIP-0039 Contributors}},
  howpublished = {Bitcoin Improvement Proposal},
  year = {2013},
  note = {Accessed on 2023-06-19},
  url = {https://github.com/bitcoin/bips/blob/master/bip-0039.mediawiki}
}

@misc{metamask,
  author = {MetaMask},
  title = {MetaMask: Ethereum Wallet and Gateway to Blockchain Apps},
  howpublished = {Website},
  year = {2023},
  url = {https://metamask.io/},
  urldate = {2023-06-19}
}

@book{larrange-interpolation,
  author    = {Burden, Richard L. and Faires, J. Douglas},
  title     = {Numerical Analysis},
  year      = {2015},
  publisher = {Cengage Learning},
  address   = {Boston, MA},
  edition   = {10th},
  isbn      = {978-1-305-27108-9}
}

@inproceedings{pedersen1991threshold,
  author = {Pedersen, Torben P.},
  title = {A Threshold Cryptosystem without a Trusted Party},
  booktitle = {Advances in Cryptology --- EUROCRYPT'91},
  year = {1991},
  pages = {522--526},
  publisher = {Springer},
}

@book{swan2018token,
  title={Token Economy: How the Web3 Reinvents Value Exchange},
  author={Swan, Melanie},
  year={2018}
}

@article{buterin2014next,
  title={A Next-Generation Smart Contract and Decentralized Application Platform},
  author={Buterin, Vitalik and others},
  year={2014}
}

@misc{oauth2,
  title={OAuth 2.0},
  author={{Internet Engineering Task Force}},
  year={2012},
  howpublished={\url{https://tools.ietf.org/html/rfc6749}},
  note={Accessed: June 19, 2023}
}

@inproceedings{szabo1997formalizing,
  title={Formalizing and securing relationships on public networks},
  author={Szabo, Nick},
  booktitle={First Monday},
  volume={2},
  number={9},
  year={1997},
  url={http://firstmonday.org/ojs/index.php/fm/article/view/548/469},
  doi={10.5210/fm.v2i9.548},
  publisher={University of Illinois at Chicago Library}
}
  
@book{vanderveen2021defi,
  title={DeFi and the Future of Finance: A Comprehensive Guide to Decentralized Finance},
  author={van der Veen, Campbell},
  year={2021},
  publisher={Packt Publishing},
  isbn={978-1801073687}
}

@book{oreilly2005web2,
  author       = {O'Reilly, Tim},
  title        = {What Is Web 2.0: Design Patterns and Business Models for the Next Generation of Software},
  year         = {2005},
  publisher    = {O'Reilly Media}
}

@misc{jsonrpc,
  title = {{JSON-RPC}},
  howpublished = {\url{https://www.jsonrpc.org/}},
  note = {Accessed: 2023-06-19}
}

@misc{expressjs,
  title = {{Express.js}},
  howpublished = {\url{https://expressjs.com/}},
  note = {Accessed: 2023-06-19}
}

@misc{mysql,
  title = {{MySQL}},
  howpublished = {\url{https://www.mysql.com/}},
  note = {Accessed: 2023-06-19}
}

@misc{cosmwasm,
  title = {CosmWasm: A secure and efficient smart contract platform for Cosmos},
  author = {Confio GmbH},
  year = {2021},
  howpublished = {\url{https://www.cosmwasm.com/}},
  note = {Accessed: 2023-06-19}
}

@misc{cosmos-sdk,
  title = {Cosmos SDK: A modular framework for building blockchain applications},
  author = {Cosmos Developers},
  year = {2021},
  howpublished = {\url{https://cosmos.network/docs/tutorial/}},
  note = {Accessed: 2023-06-19}
}

@misc{autocannon,
  author = {Nock, David},
  title = {autocannon},
  version = {7.11.0},
  howpublished = {\url{https://github.com/mcollina/autocannon}},
  organization = {GitHub},
  note = {Software package},
}
